Thesis

@mastersthesis
{
	Hein,
	author       = {Ben Hein},
	title        = {{Agent-based modelling for crowding and queuing in front of bottlenecks}},
	school       = {University of Wuppertal},
	year         = {2019}
}

@phdthesis
{
	Andresen,
	author       = {Erik Andresen},
	title        = {{Wayfinding and Perception Abilities for Pedestrian Simulations}},
	school       = {University of Wuppertal},
	year         = {2018},
	note = {\url{http://juser.fz-juelich.de/record/859864/files/IAS_Series_38.pdf}}
}

@misc
{
	Zhang,
	author       = {Cheng Zhang},
	title        = {{Simulation der Räumung einer Schule mit JuPedSim - Einflussfaktoren auf die Räumungszeit}},
	school       = {University of Wuppertal},
	year         = {2018},
	note = {Bachlor Thesis}
}

@phdthesis
{
	Schroeder,
	author       = {{Benjamin Schröder}},
	title        = {{Multivariate Methods for Life Safety Analysis in Case of Fire}},
	school       = {University of Wuppertal},
	year         = {2017},
	note = {\url{http://juser.fz-juelich.de/record/838011}}
}

@misc
{
	Rueping,
	author       = {{Fabian Rüping}},
	title        = {{Computersimulation einer Schulevakuierung - Reproduzierbarkeit von Evakuierungszeiten und Fundamentaldiagrammen auf Treppen}},
	school       = {University of Wuppertal},
	year         = {2016},
	note = {Bachlor Thesis: \url{https://fz-juelich.sciebo.de/index.php/s/AHaUuNaEjDCs4HC}},
	note = {Talk: \url{https://fz-juelich.sciebo.de/index.php/s/XuaUZU1CsbpQ4d9}}
}

@mastersthesis
{
	Axnich,
	author       = {Robert Axnich},
	title        = {{Parameterstudie zur Evakuierung einer unterirdischen Personenverkehrsanlage mit dem Jülich Pedestrian Simulator}},
	school       = {University of Wuppertal},
	year         = {2016}
}

@misc
{
	Hein,
	author       = {Ben Hein},
	title        = {{Sensitivity analysis of a perception-based route choice algorithm for a continuous evacuation model}},
	school       = {{TH-Köln}},
	year         = {2016},
	note = {Bachlor Thesis: \url{https://fz-juelich.sciebo.de/index.php/s/If9iq6S8HI5I9Qh}}
}

@misc
{
	Osterkamp,
	author       = {Maximilian Osterkamp},
	title        = {{Simulation der Räumung einer unterirdischen Personenverkehrsanlage mit dem Jülich Pedestrian Simulator}},
	school       = {University of Wuppertal},
	year         = {2015},
	note = {Bachlor Thesis}
}

@mastersthesis
{
	Graf,
	author       = {Arne Graf},
	title        = {{Automated Routing in Pedestrian Dynamics}},
	school       = {{Fachhochschule Aachen, Campus Jülich}},
	year         = {2015},
	note	= {Thesis: \url{https://fz-juelich.sciebo.de/index.php/s/VFnUCH2gtz1mSoL}},
	note	= {Talk: \url{https://fz-juelich.sciebo.de/index.php/s/s1ORGTUssCsHDHC}}
}

@misc
{
	Haensel,
	author       = {David Haensel},
	title        = {{A Knowledge-Based Routing Framework for Pedestrian Dynamics Simulation}},
	school       = {{echnische Universität Dresden}},
	year         = {2014},
	note = {Diploma Thesis: \url{https://fz-juelich.sciebo.de/index.php/s/KLqTvhmk0OJr8dm}}
}

@phdthesis
{
	Kemloh,
	author       = {{Armel Ulrich Kemloh Wagoum}},
	title        = {{Route Choice Modelling and Runtime Optimisation for Simulation of Building Evacuation}},
	school       = {University of Wuppertal},
	year         = {2013},
	note = {\url{http://hdl.handle.net/2128/5407}}
}

@phdthesis
{
	Zhang,
	author       = {{Jun Zhang}},
	title        = {{Pedestrian fundamental diagrams: Comparative analysis of experiments in different geometries}},
	school       = {University of Wuppertal},
	year         = {2012},
	note = {\url{http://hdl.handle.net/2128/4898}}
}

@phdthesis
{
	Chraibi,
	author       = {{Mohcine Chraibi}},
	title        = {{Validated force-based modeling of pedestrian dynamics}},
	school       = {Cologne University},
	year         = {2011},
	note = {\url{http://hdl.handle.net/2128/4601}}
}



Peer-reviewed journal articles

@article
{
	journal-1,
	author       = {{Armel Ulrich Kemloh Wagoum, Bernhard Steffen, Armin Seyfried and Mohcine Chraibi}},
	title        = {{Parallel Real Time Computation of Large Scale Pedestrian Evacuations}},
	journal	= {Advances in Engineering Software},
	volume	= {60?61},
	year         = {2013},
	pages	={98?103}	,
	howpublished = {\url{http://dx.doi.org/10.1016/j.advengsoft.2012.10.001}}
}

@article
{
	journal-2,
	author       = {{Armel Ulrich Kemloh Wagoum, Armin Seyfried and Stefan Holl}},
	title        = {{Modeling the Dynamic Route Choice of Pedestrians to Assess the Criticality of Building Evacuation}},
	journal	= {Advances in Complex Systems},
	volume	= {15, no. 3},
	year         = {2012},
	doi = {10.1142/S0219525912500294}
}

@article
{
	journal-3,
	author       = {{Armel Ulrich Kemloh Wagoum, Mohcine Chraibi, Jonas Mehlich, Armin Seyfried and Andreas Schadschneider}},
	title        = {{Efficient and Validated Simulation of Crowds for an Evacuation Assistant}},
	journal	= {Computer Animation and Virtual Worlds},
	volume	= {23, no. 1},
	year         = {2012},
	pages	= {3-15},
	doi = {10.1002/cav.1420},
	howpublished = {\url{http://onlinelibrary.wiley.com/doi/10.1002/cav.1420/abstract;jsessionid=3BBCD2C5931835C61496545BFCD470CD.f04t03}},
}

@article
{
	journal-4,
	author       = {{Armel Ulrich Kemloh Wagoum, Armin Seyfried, Frank Fiedrich and Ralph Majer}},
	title        = {{Empirical Study and Modelling of Pedestrians' Route Choice in a Complex Facility}},
	journal	= {Pedestrian and Evacuation Dynamics},
	volume	= {1},
	year         = {2012},
	pages	= {251?65},
	note	= {edited by Ulrich Weidmann, Uwe Kirsch, and Michael Schreckenberg},
	howpublished = {\url{http://dx.doi.org/10.1007/978-3-319-02447-9_20}},
	note	= {Springer International Publishing, 2014}
}

@article
{
	journal-5,
	author       = {{Armel Ulrich Kemloh Wagoum, Armin Seyfried and Andreas Schadschneider}},
	title        = {{Force-Based Models of Pedestrian Dynamics}},
	journal	= {Networks and Heterogeneous Media},
	volume	= {6, no. 3},
	year         = {2011},
	pages	= {425?42},
	doi = {10.3934/nhm.2011.6.425},
	howpublished = {\url{http://aimsciences.org/journals/displayPaper.jsp?paperID=6440}},
}

@article
{
	journal-6,
	author       = {{Mohcine Chraibi, Armin Seyfried and Andreas Schadschneider}},
	title        = {{Generalized Centrifugal Force Model for Pedestrian Dynamics}},
	journal	= { Physical Review E},
	volume	= {82: 046111}
	year         = {2010},
	doi = {10.1103/PhysRevE.82.046111},
	howpublished = {\url{http://journals.aps.org/pre/abstract/10.1103/PhysRevE.82.046111}},
}


Conferences

@conference
{
	PED12,
 	author       = {Chraibi, Mohcine and Zhang, Jun}, 
 	title        = {Tutorials about basic methods and tools on pedestrian dynamics},
 	year         = {2012},
	organization = {PED12, Hefei}
   	note         = {JuPedSim: \url{https://fz-juelich.sciebo.de/index.php/s/X61OxgkjjUBqp9v}}  
	note 		= {JPSreport:\url{https://fz-juelich.sciebo.de/index.php/s/0Q5drRRzPSkJR8j}}
}

@conference
{
	TRB15,
 	author       = {Lämmel, Gregor, Chraibi, Mohcine, Kemloh Wagoum, Armel Ulrich and Steffen, Bernhard}, 
 	title        = {Hybrid multi- and inter-modal transport simulation: A case study on large-scale evacuation planning},
 	booktitle    = {Transport and Research Board (TRB)},
 	year         = {2015}
 }

@conference
{
	Fire15,
 	author       = {Schröder, Benjamin, Haensel, David, Chraibi, Mohcine, Arnold, Lukas, Seyfried, Armin and Andresen, Erik}, 
 	title        = {Knowledge- and Perception-based Route Choice Modelling in Case of Fire},
 	booktitle    = {6th International Symposium on Human Behaviour in Fire 2015},
 	year         = {2015},
	pages        = {327-338},
 	month        = {28 Sep - 30 Sep}
 	organization = {Human Behaviour in Fire Symposium 2015, Cambridge, United Kingdom},
  	note         = {\url{http://juser.fz-juelich.de/record/255940}}  
}

@conference
{
	TGF15-1,
 	author       = {Tordeux, Antoine, Chraibi, Mohcine and Seyfried, Armin}, 
 	title        = {Collision-free speed model for pedestrian dynamics},
 	booktitle    = {Traffic and Granular Flow '15},
 	year         = {2015},
 	note         = {\url{http://arxiv.org/abs/1512.05597}}
}

@conference
{
	TGF15-2,
 	author       = {Andresen, Erik, Chraibi, Mohcine, Seyfried, Armin}, 
 	title        = {Wayfinding and cognitive maps for pedestrian models},
 	booktitle    = {Traffic and Granular Flow '15},
 	year         = {2015},
  	note         = {Talk: \url{http://www.citg.tudelft.nl/fileadmin/Faculteit/CiTG/Over_de_faculteit/Afdelingen/Afdeling_Transport_en_Planning/conference/tgf15/presentations/wednesday/session_a/Andresen_tgf2015.pdf}}  
}

@conference
{
	TRG15,
 	author       = {Kemloh Wagoum, Armel Ulrich, Chraibi, Mohcine, Zhang, Jun and Lämmel, Gregor}, 
 	title        = {JuPedSim: An Open Framework for Simulating and Analyzing the Dynamics of Pedestrians},
 	booktitle    = {3rd Conference of Transportation Research Group of India},
	year         = {2015}
 }

@conference
{
	conference14,
 	author       = {Boltes, Maik, Chraibi, Mohcine, Holl, Stefan, Kemloh Wagoum, Armel Ulrich, Lämmel, Gregor, Liao, Weichen, Mehner, Wolfgang, Tordeux, Antoine,  and Zhang, Jun}, 
 	title        = {Experimentation, Data Collection, Modeling and Simulation of Pedestrian Dynamics},
 	booktitle    = {Statistics, Probability & Numerical Analysis - Methods & Applications},
	year         = {2014},
 }

@conference
{
	conference12,
 	author       = {Kemloh Wagoum, Armel Ulrich, Steffen, Bernhard and Seyfried, Armin}, 
 	title        = {Runtime Optimisation Approaches for a Real-Time Evacuation Assistant},
 	booktitle    = {9th Conference on Parallel Processing and Applied Mathematics},
 	year         = {2012},
 	editor       = {R. Wyrzykowski},
	volume       = {7203},
 	pages        = {386?95},
  	note         = {Lecture Notes in Computer Science. Springer Berlin/Heidelberg, 2012}  
}

@conference
{
	TGF11,
 	author       = {Chraibi, Mohcine, Freialdenhoven, Martina, Schadschneider, Andreas and Seyfried, Armin}, 
 	title        = {Modeling the Desired Direction in a Force-Based Model for Pedestrian Dynamics},
 	booktitle    = {Traffic and Granular Flow  '11},
 	year         = {2011},
 	editor       = {Kozlov E., Valery V., Buslaev, Alexander P., Bugaev, Alexander S., Yashina, Marina V., Schadschneider, Andreas and Schreckenberg, Michael
    Springer Berlin Heidelberg},
 	month        = July 5,
 	organization = {The organization},
 	publisher    = {The publisher},
  	note         = {?}  
}

@conference
{
	DRT,
 	author       = {Kemloh Wagoum, Armel Ulrich, and Seyfried, Armin}, 
 	title        = {Optimizing the Evacuation Time of Pedestrians in a Graph-Based Navigation},
 	booktitle    = {Developments in Road Transportation},
 	year         = {2010},
 	editor       = {Mahabir Panda and Ujjal Chattararaj},
  	pages        = {188?96},
 	publisher    = {Macmillian Publishers India Ltd},
}









